<collection xmlns="http://www.loc.gov/MARC21/slim">
<record>
  <leader>01492nam0a22002651i 450 </leader>
  <controlfield tag="001">IT\ICCU\CNCE\033410</controlfield>
  <controlfield tag="005">20131203000000.0</controlfield>
  <datafield tag="012" ind1=" " ind2=" ">
    <subfield code="a">o.a. t.do Ilua noen (S) 1563 (Q)</subfield>
    <subfield code="2">fei</subfield>
  </datafield>
  <datafield tag="100" ind1=" " ind2=" ">
    <subfield code="a">19971218f1563        0itac0103    ba</subfield>
  </datafield>
  <datafield tag="101" ind1=" " ind2=" ">
    <subfield code="a">ITA</subfield>
  </datafield>
  <datafield tag="102" ind1=" " ind2=" ">
    <subfield code="a">IT</subfield>
  </datafield>
  <datafield tag="200" ind1="1" ind2=" ">
    <subfield code="a">Emanuel Philiberto, per gratia di Dio duca di Savoia ...</subfield>
  </datafield>
  <datafield tag="210" ind1=" " ind2=" ">
    <subfield code="d">\1563?!</subfield>
  </datafield>
  <datafield tag="215" ind1=" " ind2=" ">
    <subfield code="a">1 manifesto</subfield>
    <subfield code="d">atl</subfield>
  </datafield>
  <datafield tag="300" ind1=" " ind2=" ">
    <subfield code="a">Privilegi concessi a Gerolamo Pellipari e nomina dello stesso ad Agrimensore generale delle terre di qua dalla Dora e dal Po. - Incipit del testo: Conciosiacosa che tutte le scienze, et eccelenti arti seco appostano priuilegio che da ciascuno le siano renduti i deuuti honori... - . - Stampata a Vercelli da Giovanni Maria Pellipari. Cfr. M. Bersano Begey - G. Dondi, Le cinquecentine piemontesi, n. 1505. - Data di emanazione: 8 ottobre 1563. -</subfield>
  </datafield>
  <datafield tag="620" ind1=" " ind2=" ">
    <subfield code="a">IT</subfield>
    <subfield code="d">Vercelli</subfield>
  </datafield>
  <datafield tag="710" ind1="0" ind2="2">
    <subfield code="a">Savoia</subfield>
    <subfield code="c"> &lt;Ducato&gt;</subfield>
    <subfield code="3">8866</subfield>
  </datafield>
  <datafield tag="702" ind1=" " ind2="0">
    <subfield code="a">Emanuele Filiberto</subfield>
    <subfield code="c"> &lt;duca di Savoia&gt;</subfield>
    <subfield code="3">IT\ICCU\CNCA\024157</subfield>
  </datafield>
  <datafield tag="712" ind1="0" ind2="0">
    <subfield code="a">Pellipari, Giovanni Maria</subfield>
    <subfield code="3">IT\ICCU\CNCT\000683</subfield>
    <subfield code="4">650</subfield>
  </datafield>
  <datafield tag="791" ind1="0" ind2="0">
    <subfield code="a">Pelipariis, Ioannes Maria de</subfield>
    <subfield code="3">IT\ICCU\CNCT\002475</subfield>
    <subfield code="z">Pellipari, Giovanni Maria</subfield>
  </datafield>
  <datafield tag="791" ind1="0" ind2="0">
    <subfield code="a">Pellippari, Giovanni Maria</subfield>
    <subfield code="3">IT\ICCU\CNCT\005345</subfield>
    <subfield code="z">Pellipari, Giovanni Maria</subfield>
  </datafield>
  <datafield tag="791" ind1="0" ind2="0">
    <subfield code="a">Peliparii, Maria de</subfield>
    <subfield code="3">IT\ICCU\CNCT\005346</subfield>
    <subfield code="z">Pellipari, Giovanni Maria</subfield>
  </datafield>
  <datafield tag="791" ind1="0" ind2="0">
    <subfield code="a">Peliparis, Ioannes Maria de</subfield>
    <subfield code="3">IT\ICCU\CNCT\005347</subfield>
    <subfield code="z">Pellipari, Giovanni Maria</subfield>
  </datafield>
  <datafield tag="801" ind1=" " ind2="3">
    <subfield code="a">IT</subfield>
    <subfield code="b">ICCU</subfield>
    <subfield code="c">20201114</subfield>
  </datafield>
  <datafield tag="899" ind1=" " ind2=" ">
    <subfield code="a">Biblioteca civica. Vercelli</subfield>
    <subfield code="1">VC0073</subfield>
    <subfield code="2">TO0 A2</subfield>
  </datafield>
</record>
</collection>
